<?xml version="1.0" encoding="UTF-8"?><collection xmlns="http://www.loc.gov/MARC21/slim"><record><leader>00530nam--2200157-i-4500</leader><controlfield tag="001">000012560</controlfield><controlfield tag="002">20161230</controlfield><controlfield tag="005">20170123175108</controlfield><controlfield tag="008">060222s1000------------r-----000-0-eng-d</controlfield><datafield ind1=" " ind2=" " tag="080"><subfield code="a">539.126.6(061.3):539.12.162.8(061.3)</subfield></datafield><datafield ind1=" " ind2=" " tag="245"><subfield code="a">Compte rendu de la neuvieme rencontre de moriond. Meribel-Les Allues (France) 3-15 mars 1974 interactions hadroniques a hautes energies</subfield></datafield><datafield ind1=" " ind2=" " tag="260"><subfield code="a">Paris-Sud</subfield><subfield code="b">Universite De Paris-Sud</subfield><subfield code="c">1974</subfield></datafield><datafield ind1=" " ind2=" " tag="300"><subfield code="a">526 p</subfield></datafield><datafield ind1=" " ind2=" " tag="700"><subfield code="a">Tran, Jean Thanh Van</subfield></datafield><datafield ind1=" " ind2=" " tag="852"><subfield code="a">45672</subfield></datafield><datafield ind1=" " ind2=" " tag="CAT"><subfield code="a">SYS</subfield><subfield code="c">20170123</subfield><subfield code="h">175108</subfield></datafield></record></collection>